<?xml version="1.0" encoding="UTF-8"?>
<OAI-PMH xmlns="http://www.openarchives.org/OAI/2.0/" xmlns:xsi="http://www.w3.org/2001/XMLSchema-instance" xsi:schemaLocation="http://www.openarchives.org/OAI/2.0/ http://www.openarchives.org/OAI/2.0/OAI-PMH.xsd">
  <ListRecords>
    <record>
      <header>
        <identifier>aleph-publish:022505667</identifier>
      </header>
      <metadata>
        <record xmlns="http://www.ddb.de/professionell/mabxml/mabxml-1.xsd">
          <leader>00369nM2.01200024------u</leader>
          <controlfield tag="LDR">00369nM2.01200024------u</controlfield>
          <controlfield tag="FMT">MU</controlfield>
          <datafield tag="001" ind1="-" ind2="1">
            <subfield code="a">TT003907920</subfield>
          </datafield>
          <datafield tag="001" ind1="-" ind2="2">
            <subfield code="a">HT006855611</subfield>
          </datafield>
          <datafield tag="002" ind1="a" ind2="1">
            <subfield code="a">20180530</subfield>
          </datafield>
          <datafield tag="002" ind1="a" ind2="2">
            <subfield code="a">19981116</subfield>
          </datafield>
          <datafield tag="003" ind1="-" ind2="2">
            <subfield code="a">20171221</subfield>
          </datafield>
          <datafield tag="004" ind1="-" ind2="1">
            <subfield code="a">20180503</subfield>
          </datafield>
          <datafield tag="010" ind1="-" ind2="1">
            <subfield code="a">HT006855611</subfield>
          </datafield>
          <datafield tag="025" ind1="o" ind2="1">
            <subfield code="a">1074286945</subfield>
          </datafield>
          <datafield tag="025" ind1="o" ind2="2">
            <subfield code="a">961364901</subfield>
          </datafield>
          <datafield tag="026" ind1="-" ind2="2">
            <subfield code="a">HBZHT006855611</subfield>
          </datafield>
          <controlfield tag="030">a|1uc||||||||</controlfield>
          <datafield tag="036" ind1="a" ind2="2">
            <subfield code="a">DE</subfield>
          </datafield>
          <datafield tag="037" ind1="b" ind2="1">
            <subfield code="a">ger</subfield>
          </datafield>
          <datafield tag="037" ind1="b" ind2="2">
            <subfield code="a">ger</subfield>
          </datafield>
          <controlfield tag="050">a|||||||||||||</controlfield>
          <datafield tag="064" ind1="a" ind2="2">
            <subfield code="a">Einführung</subfield>
            <subfield code="9">(DE-588)4151278-9</subfield>
          </datafield>
          <datafield tag="070" ind1="-" ind2="1">
            <subfield code="a">82/Inst</subfield>
          </datafield>
          <datafield tag="070" ind1="-" ind2="2">
            <subfield code="a">6</subfield>
          </datafield>
          <datafield tag="070" ind1="a" ind2="1">
            <subfield code="a">82/Inst</subfield>
          </datafield>
          <datafield tag="070" ind1="b" ind2="2">
            <subfield code="a">290</subfield>
          </datafield>
          <datafield tag="080" ind1="-" ind2="2">
            <subfield code="a">60</subfield>
          </datafield>
          <controlfield tag="089">3</controlfield>
          <datafield tag="090" ind1="-" ind2="1">
            <subfield code="a">3</subfield>
          </datafield>
          <datafield tag="100" ind1="-" ind2="2">
            <subfield code="p">Furlan, Peter</subfield>
            <subfield code="d">1953-</subfield>
            <subfield code="9">(DE-588)1049517296</subfield>
          </datafield>
          <datafield tag="101" ind1="-" ind2="2">
            <subfield code="p">Borowski, Peter</subfield>
            <subfield code="d">1953-</subfield>
          </datafield>
          <datafield tag="331" ind1="-" ind2="1">
            <subfield code="a">Gewöhnliche Differentialgleichungen, Funktionentheorie, Integraltransformationen, Partielle Differentialgleichungen</subfield>
          </datafield>
          <datafield tag="331" ind1="-" ind2="2">
            <subfield code="a">&lt;&lt;Das&gt;&gt; gelbe Rechenbuch</subfield>
          </datafield>
          <datafield tag="335" ind1="-" ind2="2">
            <subfield code="a">für Ingenieure, Naturwissenschaftler und Mathematiker ; Rechenverfahren der höheren Mathematik in Einzelschritten erklärt ; mit vielen ausführlich gerechneten Beispielen</subfield>
          </datafield>
          <datafield tag="359" ind1="-" ind2="2">
            <subfield code="a">Peter Furlan</subfield>
          </datafield>
          <datafield tag="410" ind1="-" ind2="2">
            <subfield code="a">Dortmund</subfield>
          </datafield>
          <datafield tag="412" ind1="-" ind2="2">
            <subfield code="a">Furlan</subfield>
          </datafield>
          <datafield tag="425" ind1="-" ind2="1">
            <subfield code="a">ca. 2001</subfield>
          </datafield>
          <datafield tag="425" ind1="b" ind2="2">
            <subfield code="a">1995</subfield>
          </datafield>
          <datafield tag="425" ind1="a" ind2="1">
            <subfield code="a">2001</subfield>
          </datafield>
          <datafield tag="433" ind1="-" ind2="1">
            <subfield code="a">219 S.: graph. Darst.</subfield>
          </datafield>
          <datafield tag="523" ind1="-" ind2="2">
            <subfield code="p">Erschienen</subfield>
            <subfield code="a">Bd. 1 - 3</subfield>
          </datafield>
          <datafield tag="540" ind1="a" ind2="1">
            <subfield code="a">3-931645-02-9</subfield>
          </datafield>
          <datafield tag="700" ind1="g" ind2="2">
            <subfield code="a">SK 110</subfield>
          </datafield>
          <datafield tag="700" ind1="g" ind2="2">
            <subfield code="a">SK 950</subfield>
          </datafield>
          <datafield tag="700" ind1="g" ind2="2">
            <subfield code="a">QH 150</subfield>
          </datafield>
          <datafield tag="700" ind1="g" ind2="2">
            <subfield code="a">SK 400</subfield>
          </datafield>
          <datafield tag="700" ind1="g" ind2="2">
            <subfield code="a">SK 220</subfield>
          </datafield>
          <datafield tag="902" ind1="-" ind2="2">
            <subfield code="s">Naturwissenschaften</subfield>
            <subfield code="9">(DE-588)4041421-8</subfield>
          </datafield>
          <datafield tag="902" ind1="-" ind2="2">
            <subfield code="s">Mathematische Methode</subfield>
            <subfield code="9">(DE-588)4155620-3</subfield>
          </datafield>
          <datafield tag="907" ind1="-" ind2="2">
            <subfield code="s">Ingenieurwissenschaften</subfield>
            <subfield code="9">(DE-588)4137304-2</subfield>
          </datafield>
          <datafield tag="907" ind1="-" ind2="2">
            <subfield code="s">Mathematische Methode</subfield>
            <subfield code="9">(DE-588)4155620-3</subfield>
          </datafield>
          <controlfield tag="SYS">022505667</controlfield>
          <datafield tag="952" ind1="-" ind2="2">
            <subfield code="s">Naturforschung</subfield>
          </datafield>
          <datafield tag="952" ind1="-" ind2="2">
            <subfield code="s">Naturlehre</subfield>
          </datafield>
          <datafield tag="952" ind1="-" ind2="2">
            <subfield code="s">Naturwissenschaft</subfield>
          </datafield>
          <datafield tag="957" ind1="-" ind2="2">
            <subfield code="s">Technikwissenschaften</subfield>
          </datafield>
          <datafield tag="957" ind1="-" ind2="2">
            <subfield code="s">Technische Wissenschaften</subfield>
          </datafield>
          <datafield tag="957" ind1="-" ind2="2">
            <subfield code="s">Ingenieurwissenschaft</subfield>
          </datafield>
          <datafield tag="957" ind1="-" ind2="2">
            <subfield code="s">Ingenieurwesen</subfield>
          </datafield>
          <datafield tag="957" ind1="-" ind2="2">
            <subfield code="s">Engineering</subfield>
          </datafield>
          <datafield tag="088" ind1=" " ind2=" ">
            <subfield code="a">82/501</subfield>
            <subfield code="c">501:M 036</subfield>
            <subfield code="e">keine Angabe</subfield>
          </datafield>
        </record>
      </metadata>
    </record>
  </ListRecords>
</OAI-PMH>
